@misc{kumar_c_2019,
	title = {C++ Program to print an Array using Recursion},
	publisher = {Geeks for Geeks},
    howpublished = {Blog Post},
	author = {Kumar, Pranjal},
    year = {2019},
    month = {10},
    day = {11},
	urldate = {2020-03-16}
}
